<record><leader>00000cas a2200000 a 4500</leader><controlfield tag="001">12542585</controlfield><controlfield tag="008">850912d18871888ksudr ne      0    0eng d</controlfield><datafield ind1=" " ind2=" " tag="010"><subfield code="a">sn 85029714 </subfield></datafield><datafield ind1=" " ind2=" " tag="040"><subfield code="a">KSH</subfield><subfield code="b">eng</subfield><subfield code="c">KSH</subfield><subfield code="d">NPT</subfield><subfield code="d">OCL</subfield><subfield code="d">OCLCQ</subfield></datafield><datafield ind1=" " ind2=" " tag="042"><subfield code="a">msc</subfield></datafield><datafield ind1="0" ind2="4" tag="245"><subfield code="a">The Walnut City daily news.</subfield></datafield><datafield ind1=" " ind2=" " tag="260"><subfield code="a">Rush Centre, Kan. :</subfield><subfield code="b">Stumbaugh &amp; Mullay,</subfield><subfield code="c">1887-1888.</subfield></datafield><datafield ind1=" " ind2=" " tag="300"><subfield code="a">2 v. :</subfield><subfield code="b">ill. ;</subfield><subfield code="c">58 cm.</subfield></datafield><datafield ind1=" " ind2=" " tag="310"><subfield code="a">Daily (except Sunday)</subfield></datafield><datafield ind1="0" ind2=" " tag="362"><subfield code="a">Vol. 1, no. 1 (June 20, 1887)-v. 2, no. 20 (July 14, 1888).</subfield></datafield><datafield ind1=" " ind2=" " tag="500"><subfield code="a">Published by The News Pub. Co., Jan. 30-July 14, 1888.</subfield></datafield><datafield ind1=" " ind2=" " tag="752"><subfield code="a">United States</subfield><subfield code="b">Kansas</subfield><subfield code="c">Rush</subfield><subfield code="d">Walnut City.</subfield></datafield><datafield ind1="0" ind2="4" tag="785"><subfield code="t">Rush County news (Rush Center, Kan.)</subfield><subfield code="w">(DLC)sn 85029711</subfield></datafield><datafield ind1="1" ind2=" " tag="029"><subfield code="a">AU@</subfield><subfield code="b">000022172136</subfield></datafield></record>